@inproceedings{VLO,
  added-at = {2019-08-19T00:00:00.000+0200},
  author = {Uytvanck, Dieter Van and Zinn, Claus and Broeder, Daan and Wittenburg, Peter and Gardellini, Mariano},
  biburl = {https://www.bibsonomy.org/bibtex/293ecd591165f30d6984c1ecdc8d1339a/dblp},
  booktitle = {LREC},
  editor = {Calzolari, Nicoletta and Choukri, Khalid and Maegaard, Bente and Mariani, Joseph and Odijk, Jan and Piperidis, Stelios and Rosner, Mike and Tapias, Daniel},
  ee = {http://www.lrec-conf.org/proceedings/lrec2010/summaries/273.html},
  interhash = {563845211effb1c0dad97eaca365a6aa},
  intrahash = {93ecd591165f30d6984c1ecdc8d1339a},
  isbn = {2-9517408-6-7},
  keywords = {dblp},
  publisher = {European Language Resources Association},
  timestamp = {2019-08-20T12:07:24.000+0200},
  title = {Virtual Language Observatory: The Portal to the Language Resources and Technology Universe.},
  url = {http://dblp.uni-trier.de/db/conf/lrec/lrec2010.html#UytvanckZBWG10},
  year = 2010
}

@inproceedings{FAIR,
  title={Four simple recommendations to encourage best practices in research software},
  author={Rafael C. Jim{\'e}nez and Mateusz Kuzak and Monther Alhamdoosh and Michelle Barker and B{\'e}r{\'e}nice Batut and Mikael Borg and Salvador Capella-Guti{\'e}rrez and Neil P. Chue Hong and Martin Cook and Manuel Corpas and Madison Flannery and Leyla J. Garc{\'i}a and Josep Ll Gelpi and Simon L. Gladman and Carole A. Goble and Montserrat Gonz{\'a}lez Ferreiro and Alejandra N. Gonz{\'a}lez-Beltr{\'a}n and Pip Griffin and Bj{\"o}rn Andreas Gr{\"u}ning and Jonas Hagberg and Petr Holub and Rob W. W. Hooft and Jon C. Ison and Daniel S. Katz and Brane Leskosek and Federico L{\'o}pez G{\'o}mez and Luis J. Oliveira and David Thomas Mellor and Rowland Mosbergen and Nicola J. Mulder and Yasset P{\'e}rez-Riverol and Robert Pergl and Horst Pichler and Bernard J. Pope and Ferran Sanz and Maria Victoria Schneider and Victoria Stodden and Radosław Suchecki and Radka Svobodov{\'a} Vařekov{\'a} and Harry-Anton Talvik and Ilian T. Todorov and Andrew E. Treloar and Sonika Tyagi and Maarten van Gompel and Daniel Vaughan and Allegra Via and Xiaochuan Wang and Nathan S. Watson-Haigh and Steve Crouch},
  year={2018},
  url={https://api.semanticscholar.org/CorpusID:214915242}
}

@article{TADIRAH,
  added-at = {2020-08-12T00:00:00.000+0200},
  author = {Borek, Luise and Dombrowski, Quinn and Perkins, Jody and Schöch, Christof},
  biburl = {https://www.bibsonomy.org/bibtex/29d32a3849c5bf6da31e4dbf5a362010f/dblp},
  ee = {http://www.digitalhumanities.org/dhq/vol/10/1/000235/000235.html},
  interhash = {1d7e682b9e1373ec5d49f96001774aae},
  intrahash = {9d32a3849c5bf6da31e4dbf5a362010f},
  journal = {Digit. Humanit. Q.},
  keywords = {dblp},
  number = 1,
  timestamp = {2020-08-13T11:54:11.000+0200},
  title = {TaDiRAH: a Case Study in Pragmatic Classification.},
  url = {http://dblp.uni-trier.de/db/journals/dhq/dhq10.html#BorekDPS16},
  volume = 10,
  year = 2016
}


